<?xml version="1.0" encoding="UTF-8"?><record xmlns="http://www.loc.gov/MARC21/slim" xmlns:cinclude="http://apache.org/cocoon/include/1.0" xmlns:zs="http://www.loc.gov/zing/srw/">
  <leader>00520cz  a2200157n  4500</leader>
  <controlfield tag="001">n  88148199 </controlfield>
  <controlfield tag="003">DLC</controlfield>
  <controlfield tag="005">19890405072358.0</controlfield>
  <controlfield tag="008">890301n| acannaab|          |a aaa |||  </controlfield>
  <datafield tag="010" ind1=" " ind2=" ">
    <subfield code="a">n  88148199 </subfield>
  </datafield>
  <datafield tag="040" ind1=" " ind2=" ">
    <subfield code="a">DLC</subfield>
    <subfield code="c">DLC</subfield>
    <subfield code="d">DLC</subfield>
  </datafield>
  <datafield tag="100" ind1="1" ind2="0">
    <subfield code="a">Cāhala, Balawindara Siṅgha</subfield>
  </datafield>
  <datafield tag="400" ind1="0" ind2="0">
    <subfield code="a">Balawindara Siṅgha Cāhala</subfield>
  </datafield>
  <datafield tag="400" ind1="0" ind2="0">
    <subfield code="a">Balwinder Singh Chahal</subfield>
  </datafield>
  <datafield tag="400" ind1="1" ind2="0">
    <subfield code="a">Chahal, Balwinder Singh</subfield>
  </datafield>
  <datafield tag="670" ind1=" " ind2=" ">
    <subfield code="a">His Ajamera Aulakha dī nāṭaka-kalā, 1987:</subfield>
    <subfield code="b">t.p. (Balawindara Siṅgha Cāhala) t.p. verso (Balwinder Singh Chahal)</subfield>
  </datafield>
</record>